<record><leader>00000cas a22000007a 4500</leader><controlfield tag="001">24839346</controlfield><controlfield tag="008">911122d1883189uncuwr ne      0    0eng d</controlfield><datafield ind1=" " ind2=" " tag="010"><subfield code="a">sn 91068466 </subfield></datafield><datafield ind1=" " ind2=" " tag="040"><subfield code="a">NVJ</subfield><subfield code="b">eng</subfield><subfield code="c">NVJ</subfield><subfield code="d">OCLCQ</subfield></datafield><datafield ind1=" " ind2=" " tag="042"><subfield code="a">msc</subfield></datafield><datafield ind1="0" ind2=" " tag="130"><subfield code="a">Lincoln courier (Lincolnton, N.C. : 1883)</subfield></datafield><datafield ind1="1" ind2="4" tag="245"><subfield code="a">The Lincoln courier.</subfield></datafield><datafield ind1="3" ind2="0" tag="246"><subfield code="a">Plow, forge and grip</subfield></datafield><datafield ind1=" " ind2=" " tag="260"><subfield code="a">Lincolnton, N.C. :</subfield><subfield code="b">J.M. Roberts</subfield></datafield><datafield ind1=" " ind2=" " tag="300"><subfield code="a">v.</subfield></datafield><datafield ind1=" " ind2=" " tag="310"><subfield code="a">Weekly</subfield></datafield><datafield ind1="1" ind2=" " tag="362"><subfield code="a">Began in 1883.</subfield></datafield><datafield ind1=" " ind2=" " tag="500"><subfield code="a">Published as: Plow, forge and grip, Dec. 4 and 11, 1891.</subfield></datafield><datafield ind1=" " ind2=" " tag="588"><subfield code="a">Description based on: Vol. 8, no. 22 (Sept. 30, 1887).</subfield></datafield><datafield ind1=" " ind2=" " tag="752"><subfield code="a">United States</subfield><subfield code="b">North Carolina</subfield><subfield code="c">Lincoln</subfield><subfield code="d">Lincolnton.</subfield></datafield></record>